@inproceedings{deterding2011game,
	title={From game design elements to gamefulness: defining gamification},
	author={Deterding, Sebastian and Dixon, Dan and Khaled, Rilla and Nacke, Lennart},
	booktitle={Proceedings of the 15th International Academic MindTrek Conference: Envisioning Future Media Environments},
	pages={9--15},
	year={2011},
	organization={ACM}
}

@online{iversitymooc,
	ALTauthor = {Victor Manrique},
	title = {Gamification Design Online Course},
	date = {May 2014},
	url = {https://iversity.org/en/courses/gamification-design-online-course},
	OPTorganization = {iVersity},
	OPTurldate = {13/01/2015},
}
